<?xml version="1.0" encoding="UTF-8"?><record xmlns="http://www.loc.gov/MARC21/slim" xmlns:cinclude="http://apache.org/cocoon/include/1.0" xmlns:zs="http://www.loc.gov/zing/srw/">
  <leader>00332nz  a2200121n  4500</leader>
  <controlfield tag="001">nr2001030479</controlfield>
  <controlfield tag="003">DLC</controlfield>
  <controlfield tag="005">20010911033105.0</controlfield>
  <controlfield tag="008">010730n| acannaabn          |n aaa     c</controlfield>
  <datafield tag="010" ind1=" " ind2=" ">
    <subfield code="a">nr2001030479</subfield>
  </datafield>
  <datafield tag="040" ind1=" " ind2=" ">
    <subfield code="a">NNU-L</subfield>
    <subfield code="b">eng</subfield>
    <subfield code="c">NNU-L</subfield>
  </datafield>
  <datafield tag="100" ind1="1" ind2=" ">
    <subfield code="a">Venezia, Alberto</subfield>
  </datafield>
  <datafield tag="670" ind1=" " ind2=" ">
    <subfield code="a">Il contratto di agenzia, c2001:</subfield>
    <subfield code="b">t.p. (Alberto Venezia, lawyer, Milan)</subfield>
  </datafield>
</record>